[
  {
    "id": "d46f97a9-acdf-4544-bd4e-c324f25e6c37",
    "dedupKey": "RECEIVED_v5split_ba292e5c-e5d4-4f64-bd6c-bd062f6c6222",
    "type": "RECEIVED",
    "amount": "10000000000000000000",
    "coinId": "455ad8720656b08e8dbd5bac1f3c73eeea5431565f6c1c3af742b1aa12d41d89",
    "symbol": "UCT",
    "timestamp": 1773857121437,
    "senderPubkey": "0238b17a9d3db891745d78cd927c887dfbf24f4172193a1b2ce53d4a18bf4211",
    "senderAddress": "DIRECT://0000df85e5901b1292f01c846d38d9f2df7709ad93c7a83ab9dea4d17e0d0794b613b40ff668",
    "senderNametag": "fraey",
    "memo": "2048 game deposit",
    "transferId": "6c5b7880-8c8d-404f-b35e-5d924bcb85ea",
    "tokenId": "v5split_ba292e5c-e5d4-4f64-bd6c-bd062f6c6222",
    "tokenIds": [
      {
        "id": "v5split_ba292e5c-e5d4-4f64-bd6c-bd062f6c6222",
        "amount": "10000000000000000000",
        "source": "split"
      }
    ]
  },
  {
    "id": "a1d7ad12-3a65-4733-b780-7e765ae17d32",
    "dedupKey": "RECEIVED_v5split_538cc281-fc2b-49e4-9b44-718330cce014",
    "type": "RECEIVED",
    "amount": "10000000000000000000",
    "coinId": "455ad8720656b08e8dbd5bac1f3c73eeea5431565f6c1c3af742b1aa12d41d89",
    "symbol": "UCT",
    "timestamp": 1773857065578,
    "senderPubkey": "0238b17a9d3db891745d78cd927c887dfbf24f4172193a1b2ce53d4a18bf4211",
    "senderAddress": "DIRECT://0000df85e5901b1292f01c846d38d9f2df7709ad93c7a83ab9dea4d17e0d0794b613b40ff668",
    "senderNametag": "fraey",
    "memo": "2048 game deposit",
    "transferId": "c6edbe6f-aa21-4ec0-ae99-9a2f60a87c39",
    "tokenId": "v5split_538cc281-fc2b-49e4-9b44-718330cce014",
    "tokenIds": [
      {
        "id": "v5split_538cc281-fc2b-49e4-9b44-718330cce014",
        "amount": "10000000000000000000",
        "source": "split"
      }
    ]
  },
  {
    "id": "3179aea3-d6af-472d-8bd3-e0a618aeb0cd",
    "dedupKey": "RECEIVED_v5split_bd033b42-c3ea-410a-ae18-93458a7d62be",
    "type": "RECEIVED",
    "amount": "2000000000000000000",
    "coinId": "455ad8720656b08e8dbd5bac1f3c73eeea5431565f6c1c3af742b1aa12d41d89",
    "symbol": "UCT",
    "timestamp": 1773857032781,
    "senderPubkey": "0238b17a9d3db891745d78cd927c887dfbf24f4172193a1b2ce53d4a18bf4211",
    "senderAddress": "DIRECT://0000df85e5901b1292f01c846d38d9f2df7709ad93c7a83ab9dea4d17e0d0794b613b40ff668",
    "senderNametag": "fraey",
    "memo": "2048 game deposit",
    "transferId": "fbd92c38-dbce-4c17-a52f-026cd4b3636e",
    "tokenId": "v5split_bd033b42-c3ea-410a-ae18-93458a7d62be",
    "tokenIds": [
      {
        "id": "v5split_bd033b42-c3ea-410a-ae18-93458a7d62be",
        "amount": "2000000000000000000",
        "source": "split"
      }
    ]
  },
  {
    "id": "232e25b6-a94a-4f9d-8830-78621bc4d92b",
    "dedupKey": "RECEIVED_v5split_bbb806aa-2838-45f8-a0df-06eaff3c66ea",
    "type": "RECEIVED",
    "amount": "10000000000000000000",
    "coinId": "455ad8720656b08e8dbd5bac1f3c73eeea5431565f6c1c3af742b1aa12d41d89",
    "symbol": "UCT",
    "timestamp": 1773856919941,
    "senderPubkey": "0238b17a9d3db891745d78cd927c887dfbf24f4172193a1b2ce53d4a18bf4211",
    "senderAddress": "DIRECT://0000df85e5901b1292f01c846d38d9f2df7709ad93c7a83ab9dea4d17e0d0794b613b40ff668",
    "senderNametag": "fraey",
    "memo": "2048 game deposit",
    "transferId": "d1e28198-9776-4824-8836-9a56067ad5e5",
    "tokenId": "v5split_bbb806aa-2838-45f8-a0df-06eaff3c66ea",
    "tokenIds": [
      {
        "id": "v5split_bbb806aa-2838-45f8-a0df-06eaff3c66ea",
        "amount": "10000000000000000000",
        "source": "split"
      }
    ]
  },
  {
    "id": "9a302fd7-2dd6-44c8-9b74-0b02fd33cedf",
    "dedupKey": "RECEIVED_v5split_294192f4-4440-4531-aac0-3c0bcaf43d56",
    "type": "RECEIVED",
    "amount": "2000000000000000000",
    "coinId": "455ad8720656b08e8dbd5bac1f3c73eeea5431565f6c1c3af742b1aa12d41d89",
    "symbol": "UCT",
    "timestamp": 1773856735112,
    "senderPubkey": "0238b17a9d3db891745d78cd927c887dfbf24f4172193a1b2ce53d4a18bf4211",
    "senderAddress": "DIRECT://0000df85e5901b1292f01c846d38d9f2df7709ad93c7a83ab9dea4d17e0d0794b613b40ff668",
    "senderNametag": "fraey",
    "memo": "2048 game deposit",
    "transferId": "e9f1a07f-713d-45fa-9742-2b2a89dcba41",
    "tokenId": "v5split_294192f4-4440-4531-aac0-3c0bcaf43d56",
    "tokenIds": [
      {
        "id": "v5split_294192f4-4440-4531-aac0-3c0bcaf43d56",
        "amount": "2000000000000000000",
        "source": "split"
      }
    ]
  },
  {
    "id": "caab55b6-0f16-4a8f-8e3e-0d99ed60fb26",
    "dedupKey": "RECEIVED_v5split_267b245d-c9d8-4033-bbfa-79312197108b",
    "type": "RECEIVED",
    "amount": "2000000000000000000",
    "coinId": "455ad8720656b08e8dbd5bac1f3c73eeea5431565f6c1c3af742b1aa12d41d89",
    "symbol": "UCT",
    "timestamp": 1773856345698,
    "senderPubkey": "0238b17a9d3db891745d78cd927c887dfbf24f4172193a1b2ce53d4a18bf4211",
    "senderAddress": "DIRECT://0000df85e5901b1292f01c846d38d9f2df7709ad93c7a83ab9dea4d17e0d0794b613b40ff668",
    "senderNametag": "fraey",
    "memo": "2048 game deposit",
    "transferId": "47421fcd-ed2d-4e8b-8129-abc0669ee0f3",
    "tokenId": "v5split_267b245d-c9d8-4033-bbfa-79312197108b",
    "tokenIds": [
      {
        "id": "v5split_267b245d-c9d8-4033-bbfa-79312197108b",
        "amount": "2000000000000000000",
        "source": "split"
      }
    ]
  },
  {
    "id": "2bf3a522-48d1-47f3-844d-688847a901f4",
    "dedupKey": "RECEIVED_v5split_7878a199-0fee-4af1-85fe-b29fdc296b7b",
    "type": "RECEIVED",
    "amount": "2000000000000000000",
    "coinId": "455ad8720656b08e8dbd5bac1f3c73eeea5431565f6c1c3af742b1aa12d41d89",
    "symbol": "UCT",
    "timestamp": 1773856275993,
    "senderPubkey": "0238b17a9d3db891745d78cd927c887dfbf24f4172193a1b2ce53d4a18bf4211",
    "senderAddress": "DIRECT://0000df85e5901b1292f01c846d38d9f2df7709ad93c7a83ab9dea4d17e0d0794b613b40ff668",
    "senderNametag": "fraey",
    "memo": "2048 game deposit",
    "transferId": "bec3ce23-cfc8-42a3-b54b-fc8503155bec",
    "tokenId": "v5split_7878a199-0fee-4af1-85fe-b29fdc296b7b",
    "tokenIds": [
      {
        "id": "v5split_7878a199-0fee-4af1-85fe-b29fdc296b7b",
        "amount": "2000000000000000000",
        "source": "split"
      }
    ]
  },
  {
    "id": "e35d50ad-ba65-4cc8-bcac-d4fab44228f7",
    "dedupKey": "RECEIVED_v5split_de659d00-2b9e-4d8b-9173-94e0f98a6753",
    "type": "RECEIVED",
    "amount": "5000000000000000000",
    "coinId": "455ad8720656b08e8dbd5bac1f3c73eeea5431565f6c1c3af742b1aa12d41d89",
    "symbol": "UCT",
    "timestamp": 1773855894848,
    "senderPubkey": "0238b17a9d3db891745d78cd927c887dfbf24f4172193a1b2ce53d4a18bf4211",
    "senderAddress": "DIRECT://0000df85e5901b1292f01c846d38d9f2df7709ad93c7a83ab9dea4d17e0d0794b613b40ff668",
    "senderNametag": "fraey",
    "memo": "2048 game deposit",
    "transferId": "014cd0c9-72c6-4509-988c-9d5850a12b05",
    "tokenId": "v5split_de659d00-2b9e-4d8b-9173-94e0f98a6753",
    "tokenIds": [
      {
        "id": "v5split_de659d00-2b9e-4d8b-9173-94e0f98a6753",
        "amount": "5000000000000000000",
        "source": "split"
      }
    ]
  }
]